<record><leader>00000cas a2200000 a 4500</leader><controlfield tag="001">11648727</controlfield><controlfield tag="008">850201d18991913ksuwr ne      0   a0eng d</controlfield><datafield ind1=" " ind2=" " tag="010"><subfield code="a">sn 85030008 </subfield></datafield><datafield ind1=" " ind2=" " tag="040"><subfield code="a">KSH</subfield><subfield code="b">eng</subfield><subfield code="c">KSH</subfield><subfield code="d">NPT</subfield><subfield code="d">OCL</subfield><subfield code="d">OCLCQ</subfield></datafield><datafield ind1=" " ind2=" " tag="042"><subfield code="a">msc</subfield></datafield><datafield ind1="0" ind2=" " tag="130"><subfield code="a">Haskell County republican (Santa Fe, Kan. : 1899)</subfield></datafield><datafield ind1="1" ind2="4" tag="245"><subfield code="a">The Haskell County republican.</subfield></datafield><datafield ind1=" " ind2=" " tag="260"><subfield code="a">Santa Fe, Kan. :</subfield><subfield code="b">J.F. Pearce,</subfield><subfield code="c">1899-1913.</subfield></datafield><datafield ind1=" " ind2=" " tag="300"><subfield code="a">12 v. :</subfield><subfield code="b">ill. ;</subfield><subfield code="c">50-55 cm.</subfield></datafield><datafield ind1=" " ind2=" " tag="310"><subfield code="a">Weekly</subfield></datafield><datafield ind1="0" ind2=" " tag="362"><subfield code="a">Vol. 1, no. 1 (Jan. 27, 1899)-v. 12, no. 15 (Apr. 11, 1913).</subfield></datafield><datafield ind1=" " ind2=" " tag="500"><subfield code="a">Published in Sublette, Kan., Feb. 21-Apr. 11, 1913.</subfield></datafield><datafield ind1=" " ind2=" " tag="500"><subfield code="a">Publisher varies.</subfield></datafield><datafield ind1=" " ind2=" " tag="752"><subfield code="a">United States</subfield><subfield code="b">Kansas</subfield><subfield code="c">Haskell</subfield><subfield code="d">Santa Fe.</subfield></datafield><datafield ind1=" " ind2=" " tag="752"><subfield code="a">United States</subfield><subfield code="b">Kansas</subfield><subfield code="c">Haskell</subfield><subfield code="d">Sublette.</subfield></datafield><datafield ind1="0" ind2="0" tag="785"><subfield code="t">Haskell County clipper</subfield><subfield code="w">(DLC)sn 85030011</subfield></datafield></record>